@book{Jannach2010,
 author = {Jannach, Dietmar and Zanker, Markus and Felfernig, Alexander and Friedrich, Gerhard},
 title = {Recommender Systems: An Introduction},
 year = {2010},
 isbn = {0521493366, 9780521493369},
 edition = {1st},
 publisher = {Cambridge University Press},
 address = {New York, NY, USA},
}